<?xml version="1.0" encoding="utf-8"?>
<record xmlns="http://www.loc.gov/MARC21/slim" xmlns:xsi="http://www.w3.org/2001/XMLSchema-instance" xsi:schemaLocation="http://www.loc.gov/MARC21/slim http://www.loc.gov/standards/marcxml/schema/MARC21slim.xsd">
	<leader>     nam a22        4500</leader>
	<controlfield tag="001">1818492</controlfield>
	<controlfield tag="003">NIC</controlfield>
	<controlfield tag="006">m        d        </controlfield>
	<controlfield tag="007">cr cn |||m|||a</controlfield>
	<controlfield tag="008">150505r19851963ir      obd   001 0 arar </controlfield>
	<datafield ind1=" " ind2=" " tag="040">
		<subfield code="a">NNU</subfield>
		<subfield code="b">eng</subfield>
		<subfield code="e">rda</subfield>
		<subfield code="c">NNU</subfield>
	</datafield>
	<datafield ind1="0" ind2="0" tag="050">
		<subfield code="a">BP135.2</subfield>
		<subfield code="b">.I2 1985</subfield>
	</datafield>
	<datafield ind1="1" ind2=" " tag="100">
		<subfield code="6">880-01</subfield>
		<subfield code="a">Ibn al-Athīr, Majd al-Dīn al-Mubārak ibn Muḥammad,</subfield>
		<subfield code="d">1149-1209.</subfield>
	</datafield>
	<datafield ind1="1" ind2="3" tag="245">
		<subfield code="6">880-02</subfield>
		<subfield code="a">al-Nihāyah fī gharīb al-Ḥadīth wa-al-athar /</subfield>
		<subfield code="c">li-Majd al-Dīn Abī al-Saʻādāt al-Mubārak ibn Muḥammad al-Jazarī ibn al-Athīr ; taḥqīq Ṭāhir Aḥmad al-Zāwī, Maḥmūd Muḥammad al-Ṭanāḥī.</subfield>
	</datafield>
	<datafield ind1=" " ind2=" " tag="250">
		<subfield code="6">880-03</subfield>
		<subfield code="a">Chāp-i 4.</subfield>
	</datafield>
	<datafield ind1=" " ind2=" " tag="260">
		<subfield code="6">880-04</subfield>
		<subfield code="a">Qum, Īrān :</subfield>
		<subfield code="b">Muʼassasat Ismāʻīliyān,</subfield>
		<subfield code="c">1364 [1985]</subfield>
	</datafield>
	<datafield ind1=" " ind2=" " tag="300">
		<subfield code="a">online resource (5 volumes)</subfield>
	</datafield>
	<datafield ind1=" " ind2=" " tag="336">
		<subfield code="a">text</subfield>
		<subfield code="2">rdacontent</subfield>
	</datafield>
	<datafield ind1=" " ind2=" " tag="337">
		<subfield code="a">computer</subfield>
		<subfield code="2">rdamedia</subfield>
	</datafield>
	<datafield ind1=" " ind2=" " tag="338">
		<subfield code="a">online resource</subfield>
		<subfield code="2">rdacarrier</subfield>
	</datafield>
	<datafield ind1=" " ind2=" " tag="500">
		<subfield code="a">Vols. 4-5 edited by al-Ṭanāḥī alone.</subfield>
	</datafield>
	<datafield ind1=" " ind2=" " tag="500">
		<subfield code="a">Reprint. Originally published: 1963.</subfield>
	</datafield>
	<datafield ind1=" " ind2=" " tag="500">
		<subfield code="a">Part of the Arabic Collections Online (ACO) project, contributed by Cornell University Libraries.</subfield>
	</datafield>
	<datafield ind1=" " ind2=" " tag="504">
		<subfield code="a">Includes bibliographical references and indexes.</subfield>
	</datafield>
	<datafield ind1=" " ind2=" " tag="533">
		<subfield code="a">Electronic reproduction.</subfield>
		<subfield code="b">New York, N.Y. :</subfield>
		<subfield code="c">New York University,</subfield>
		<subfield code="d">2015.</subfield>
		<subfield code="5">NNU</subfield>
	</datafield>
	<datafield ind1=" " ind2="0" tag="650">
		<subfield code="a">Hadith</subfield>
		<subfield code="v">Dictionaries</subfield>
		<subfield code="x">Arabic.</subfield>
	</datafield>
	<datafield ind1=" " ind2="7" tag="650">
		<subfield code="a">Hadith.</subfield>
		<subfield code="2">fast</subfield>
		<subfield code="0">(OCoLC)fst00950112</subfield>
	</datafield>
	<datafield ind1=" " ind2="7" tag="655">
		<subfield code="a">Dictionaries.</subfield>
		<subfield code="2">fast</subfield>
		<subfield code="0">(OCoLC)fst01423826</subfield>
	</datafield>
	<datafield ind1="1" ind2=" " tag="700">
		<subfield code="6">880-05</subfield>
		<subfield code="a">Zāwī, Ṭāhir Aḥmad.</subfield>
	</datafield>
	<datafield ind1="1" ind2=" " tag="700">
		<subfield code="6">880-06</subfield>
		<subfield code="a">Ṭanāḥī, Maḥmūd Muḥammad.</subfield>
	</datafield>
	<datafield ind1="2" ind2=" " tag="710">
		<subfield code="a">Cornell University.</subfield>
		<subfield code="b">Libraries.</subfield>
	</datafield>
	<datafield ind1="0" ind2=" " tag="730">
		<subfield code="a">Arabic Collections Online.</subfield>
	</datafield>
	<datafield ind1="0" ind2="8" tag="776">
		<subfield code="i">Online version:</subfield>
		<subfield code="a">Ibn al-Athīr, Majd al-Dīn al-Mubārak ibn Muḥammad, 1149-1209.</subfield>
		<subfield code="t">Nihāyah fī gharīb al-Ḥadīth wa-al-athar.</subfield>
		<subfield code="b">Chāp-i 4.</subfield>
		<subfield code="d">Qum, Īrān : Muʼassasat Ismāʻīliyān, 1364 [1985]</subfield>
		<subfield code="w">(OCoLC)604101506</subfield>
	</datafield>
	<datafield ind1="0" ind2="8" tag="776">
		<subfield code="i">Online version:</subfield>
		<subfield code="a">Ibn al-Athīr, Majd al-Dīn al-Mubārak ibn Muḥammad, 1149-1209.</subfield>
		<subfield code="t">Nihāyah fī gharīb al-Ḥadīth wa-al-athar.</subfield>
		<subfield code="b">Chāp-i 4.</subfield>
		<subfield code="d">Qum, Īrān : Muʼassasat Ismāʻīliyān, 1364 [1985]</subfield>
		<subfield code="w">(OCoLC)607879021</subfield>
	</datafield>
	<datafield ind1="0" ind2="8" tag="776">
		<subfield code="i">Print version:</subfield>
		<subfield code="a">Ibn al-Athīr, Majd al-Dīn al-Mubārak ibn Muḥammad, 1149-1209.</subfield>
		<subfield code="t">al-Nihāyah fī gharīb al-Ḥadīth wa-al-athar</subfield>
		<subfield code="w">(NIC)1818492</subfield>
		<subfield code="w">(DLC)   86930170 </subfield>
		<subfield code="w">(OCoLC)16128957</subfield>
	</datafield>
	<datafield ind1="4" ind2="0" tag="856">
		<subfield code="u">http://hdl.handle.net/2333.1/f7m0cj95</subfield>
	</datafield>
	<datafield ind1="1" ind2=" " tag="880">
		<subfield code="6">100-01/r</subfield>
		<subfield code="a">ابن الأيثر.</subfield>
	</datafield>
	<datafield ind1="1" ind2="3" tag="880">
		<subfield code="6">245-02/r</subfield>
		<subfield code="a">النهاية في غريب الحديث والأثر /</subfield>
		<subfield code="c">لمجد الدين أبي السعادات المبارك بن محمد الحزري أبن الأثير ؛ تحقثق طاهر احمد الزاوي، محمود محمد الطياحي.</subfield>
	</datafield>
	<datafield ind1=" " ind2=" " tag="880">
		<subfield code="6">250-03/r</subfield>
		<subfield code="a">چاپي 4.</subfield>
	</datafield>
	<datafield ind1=" " ind2=" " tag="880">
		<subfield code="6">260-04/r</subfield>
		<subfield code="a">قم، يران :</subfield>
		<subfield code="b">مؤسسة اسماعيليان،</subfield>
		<subfield code="c">1364 [1985].</subfield>
	</datafield>
	<datafield ind1="1" ind2=" " tag="880">
		<subfield code="6">700-05/r</subfield>
		<subfield code="a">طاهر احمد الزاوي.</subfield>
	</datafield>
	<datafield ind1="1" ind2=" " tag="880">
		<subfield code="6">700-06/r</subfield>
		<subfield code="a">محمد محمود الطناحي.</subfield>
	</datafield>
	<datafield ind1=" " ind2=" " tag="959">
		<subfield code="a">NNU</subfield>
		<subfield code="b">WEB</subfield>
		<subfield code="c">GENI</subfield>
		<subfield code="t">0</subfield>
		<subfield code="m">Electronic access</subfield>
		<subfield code="s">01</subfield>
	</datafield>
	<datafield ind1=" " ind2=" " tag="999">
		<subfield code="i">NIC_1818492</subfield>
		<subfield code="o">(OCoLC)ocm16128957 </subfield>
		<subfield code="s">cornell_aco000266:juz1</subfield>
		<subfield code="s">cornell_aco000265:juz2</subfield>
		<subfield code="s">cornell_aco000264:juz3</subfield>
		<subfield code="s">cornell_aco000263:juz4</subfield>
		<subfield code="s">cornell_aco000262:juz5</subfield>
	</datafield>
</record>
